

@misc{agdadocs,
  author =        {Agda developers},
  title =         {Agda documentation},
  year =          {2021},
  url =           {https://agda.readthedocs.io/en/v2.6.1.3/},
}

@inproceedings{timany18cumulative,
  author =        {Amin Timany and Matthieu Sozeau},
  booktitle =     {3rd International Conference on Formal Structures for
                   Computation and Deduction, {FSCD} 2018, July 9-12,
                   2018, Oxford, {UK}},
  editor =        {H{\'{e}}l{\`{e}}ne Kirchner},
  pages =         {29:1--29:16},
  publisher =     {Schloss Dagstuhl - Leibniz-Zentrum f{\"{u}}r
                   Informatik},
  series =        {LIPIcs},
  title =         {Cumulative Inductive Types In Coq},
  volume =        {108},
  year =          {2018},
  biburl =        {https://dblp.org/rec/conf/rta/TimanyS18.bib},
  bibsource =     {dblp computer science bibliography, https://dblp.org},
  doi =           {10.4230/LIPIcs.FSCD.2018.29},
  timestamp =     {Tue, 11 Feb 2020 15:52:14 +0100},
  url =           {https://doi.org/10.4230/LIPIcs.FSCD.2018.29},
}

@inproceedings{ziliani15unification,
  author =        {Beta Ziliani and Matthieu Sozeau},
  booktitle =     {Proceedings of the 20th {ACM} {SIGPLAN} International
                   Conference on Functional Programming, {ICFP} 2015,
                   Vancouver, BC, Canada, September 1-3, 2015},
  editor =        {Kathleen Fisher and John H. Reppy},
  pages =         {179--191},
  publisher =     {{ACM}},
  title =         {A unification algorithm for Coq featuring universe
                   polymorphism and overloading},
  year =          {2015},
  biburl =        {https://dblp.org/rec/conf/icfp/ZilianiS15.bib},
  bibsource =     {dblp computer science bibliography, https://dblp.org},
  doi =           {10.1145/2784731.2784751},
  timestamp =     {Tue, 06 Nov 2018 16:59:24 +0100},
  url =           {https://doi.org/10.1145/2784731.2784751},
}

@inproceedings{dybjer99finite,
  author =        {Peter Dybjer and Anton Setzer},
  booktitle =     {Typed Lambda Calculi and Applications, 4th
                   International Conference, TLCA'99, L'Aquila, Italy,
                   April 7-9, 1999, Proceedings},
  editor =        {Jean{-}Yves Girard},
  pages =         {129--146},
  publisher =     {Springer},
  series =        {Lecture Notes in Computer Science},
  title =         {A Finite Axiomatization of Inductive-Recursive
                   Definitions},
  volume =        {1581},
  year =          {1999},
  biburl =        {https://dblp.org/rec/conf/tlca/DybjerS99.bib},
  bibsource =     {dblp computer science bibliography, https://dblp.org},
  doi =           {10.1007/3-540-48959-2\_11},
  timestamp =     {Tue, 14 May 2019 10:00:41 +0200},
  url =           {https://doi.org/10.1007/3-540-48959-2\_11},
}

@inproceedings{Dybjer96internaltype,
  author =        {Peter Dybjer},
  booktitle =     {Types for Proofs and Programs, International Workshop
                   TYPES'95, Torino, Italy, June 5-8, 1995, Selected
                   Papers},
  editor =        {Stefano Berardi and Mario Coppo},
  pages =         {120--134},
  publisher =     {Springer},
  series =        {Lecture Notes in Computer Science},
  title =         {Internal Type Theory},
  volume =        {1158},
  year =          {1995},
  biburl =        {https://dblp.org/rec/conf/types/Dybjer95.bib},
  bibsource =     {dblp computer science bibliography, https://dblp.org},
  doi =           {10.1007/3-540-61780-9\_66},
  timestamp =     {Tue, 14 May 2019 10:00:42 +0200},
  url =           {https://doi.org/10.1007/3-540-61780-9\_66},
}

@article{awodey18natural,
  author =        {Steve Awodey},
  journal =       {Math. Struct. Comput. Sci.},
  number =        {2},
  pages =         {241--286},
  title =         {Natural models of homotopy type theory},
  volume =        {28},
  year =          {2018},
  biburl =        {https://dblp.org/rec/journals/mscs/Awodey18.bib},
  bibsource =     {dblp computer science bibliography, https://dblp.org},
  doi =           {10.1017/S0960129516000268},
  timestamp =     {Wed, 01 Apr 2020 08:48:37 +0200},
  url =           {https://doi.org/10.1017/S0960129516000268},
}

@phdthesis{cartmellthesis,
  author =        {John Cartmell},
  school =        {Oxford University},
  title =         {Generalised algebraic theories and contextual
                   categories},
  year =          {1978},
}

@inproceedings{cubicalnorm,
  author =        {Jonathan Sterling and Carlo Angiuli},
  booktitle =     {36th Annual {ACM/IEEE} Symposium on Logic in Computer
                   Science, {LICS} 2021, Rome, Italy, June 29 - July 2,
                   2021},
  pages =         {1--15},
  publisher =     {{IEEE}},
  title =         {Normalization for Cubical Type Theory},
  year =          {2021},
  biburl =        {https://dblp.org/rec/conf/lics/SterlingA21.bib},
  bibsource =     {dblp computer science bibliography, https://dblp.org},
  doi =           {10.1109/LICS52264.2021.9470719},
  timestamp =     {Thu, 14 Oct 2021 09:50:17 +0200},
  url =           {https://doi.org/10.1109/LICS52264.2021.9470719},
}

@article{uemura,
  author =        {Taichi Uemura},
  journal =       {CoRR},
  title =         {A General Framework for the Semantics of Type Theory},
  volume =        {abs/1904.04097},
  year =          {2019},
  biburl =        {https://dblp.org/rec/journals/corr/abs-1904-04097.bib},
  bibsource =     {dblp computer science bibliography, https://dblp.org},
  timestamp =     {Thu, 14 Oct 2021 09:15:56 +0200},
  url =           {http://arxiv.org/abs/1904.04097},
}

@article{bocquet2021relative,
  author =        {Bocquet, Rafa{\"e}l and Kaposi, Ambrus and
                   Sattler, Christian},
  journal =       {arXiv preprint arXiv:2102.11649},
  title =         {Relative induction principles for type theories},
  year =          {2021},
}

@article{dependentrightadjoints,
  author =        {Lars Birkedal and Ranald Clouston and Bassel Mannaa and
                   Rasmus Ejlers M{\o}gelberg and Andrew M. Pitts and
                   Bas Spitters},
  journal =       {Math. Struct. Comput. Sci.},
  number =        {2},
  pages =         {118--138},
  title =         {Modal dependent type theory and dependent right
                   adjoints},
  volume =        {30},
  year =          {2020},
  biburl =        {https://dblp.org/rec/journals/mscs/BirkedalCMMPS20.bib},
  bibsource =     {dblp computer science bibliography, https://dblp.org},
  doi =           {10.1017/S0960129519000197},
  timestamp =     {Wed, 01 Apr 2020 08:48:46 +0200},
  url =           {https://doi.org/10.1017/S0960129519000197},
}

@inproceedings{kaposi2019gluing,
  author =        {Ambrus Kaposi and Simon Huber and Christian Sattler},
  booktitle =     {4th International Conference on Formal Structures for
                   Computation and Deduction, {FSCD} 2019, June 24-30,
                   2019, Dortmund, Germany},
  editor =        {Herman Geuvers},
  pages =         {25:1--25:19},
  publisher =     {Schloss Dagstuhl - Leibniz-Zentrum f{\"{u}}r
                   Informatik},
  series =        {LIPIcs},
  title =         {Gluing for Type Theory},
  volume =        {131},
  year =          {2019},
  biburl =        {https://dblp.org/rec/conf/rta/KaposiHS19.bib},
  bibsource =     {dblp computer science bibliography, https://dblp.org},
  doi =           {10.4230/LIPIcs.FSCD.2019.25},
  timestamp =     {Tue, 11 Feb 2020 15:52:14 +0100},
  url =           {https://doi.org/10.4230/LIPIcs.FSCD.2019.25},
}

@article{twolevel,
  author =        {Danil Annenkov and Paolo Capriotti and Nicolai Kraus and
                   Christian Sattler},
  journal =       {ArXiv e-prints},
  month =         {may},
  title =         {Two-Level Type Theory and Applications},
  year =          {2019},
  url =           {http://arxiv.org/abs/1705.03307},
}

@article{sterling2019algebraic,
  author =        {Jonathan Sterling},
  journal =       {CoRR},
  title =         {Algebraic Type Theory and Universe Hierarchies},
  volume =        {abs/1902.08848},
  year =          {2019},
  biburl =        {https://dblp.org/rec/journals/corr/abs-1902-08848.bib},
  bibsource =     {dblp computer science bibliography, https://dblp.org},
  timestamp =     {Tue, 21 May 2019 18:03:38 +0200},
  url =           {http://arxiv.org/abs/1902.08848},
}

@article{luo2012notes,
  author =        {Luo, Zhaohui},
  journal =       {Lecture notes for a talk at Institute for Advanced
                   Study, Princeton (URL: http://www. cs. rhul. ac.
                   uk/home/zhaohui/universes. pdf)},
  pages =         {16},
  title =         {Notes on universes in type theory},
  year =          {2012},
}

@incollection{aczel1977introduction,
  author =        {Aczel, Peter},
  booktitle =     {Studies in Logic and the Foundations of Mathematics},
  pages =         {739--782},
  publisher =     {Elsevier},
  title =         {An introduction to inductive definitions},
  volume =        {90},
  year =          {1977},
}

@book{hottbook,
  address =       {Institute for Advanced Study},
  author =        {The {Univalent Foundations Program}},
  publisher =     {\url{https://homotopytypetheory.org/book}},
  title =         {Homotopy Type Theory: Univalent Foundations of
                   Mathematics},
  year =          {2013},
}

@article{coquandnorm,
  author =        {Thierry Coquand},
  journal =       {Theor. Comput. Sci.},
  pages =         {184--191},
  title =         {Canonicity and normalization for dependent type
                   theory},
  volume =        {777},
  year =          {2019},
  biburl =        {https://dblp.org/rec/journals/tcs/Coquand19.bib},
  bibsource =     {dblp computer science bibliography, https://dblp.org},
  doi =           {10.1016/j.tcs.2019.01.015},
  timestamp =     {Wed, 03 Jul 2019 14:50:25 +0200},
  url =           {https://doi.org/10.1016/j.tcs.2019.01.015},
}

@inproceedings{Palmgren98onuniverses,
  author =        {Erik Palmgren},
  booktitle =     {Twenty-five years of constructive type theory},
  pages =         {191 – 204},
  publisher =     {Oxford University Press},
  series =        {Oxford Logic Guides},
  title =         {On universes in type theory},
  volume =        {36},
  year =          {1998},
}

@article{setzer00mahlo,
  author =        {Anton Setzer},
  journal =       {Arch. Math. Log.},
  number =        {3},
  pages =         {155--181},
  title =         {Extending Martin-L{\"{o}}f Type Theory by one
                   Mahlo-universe},
  volume =        {39},
  year =          {2000},
  biburl =        {https://dblp.org/rec/journals/aml/Setzer00.bib},
  bibsource =     {dblp computer science bibliography, https://dblp.org},
  doi =           {10.1007/s001530050140},
  timestamp =     {Mon, 05 Jun 2017 20:48:09 +0200},
  url =           {https://doi.org/10.1007/s001530050140},
}

@misc{mcbride2015datatypes,
  author =        {McBride, Conor},
  title =         {Datatypes of Datatypes},
  year =          {2015},
  url =           {http://staff.mmcs.sfedu.ru/~ulysses/Edu/SSGEP/conor/
                  conor.pdf},
}

@article{indexedir,
  author =        {Peter Dybjer and Anton Setzer},
  journal =       {J. Log. Algebraic Methods Program.},
  number =        {1},
  pages =         {1--49},
  title =         {Indexed induction-recursion},
  volume =        {66},
  year =          {2006},
  biburl =        {https://dblp.org/rec/journals/jlp/DybjerS06.bib},
  bibsource =     {dblp computer science bibliography, https://dblp.org},
  doi =           {10.1016/j.jlap.2005.07.001},
  timestamp =     {Tue, 16 Feb 2021 15:58:14 +0100},
  url =           {https://doi.org/10.1016/j.jlap.2005.07.001},
}

@article{principia,
  author =        {A. N. Whitehead and B. Russell},
  journal =       {Revue de M\'etaphysique et de Morale},
  number =        {2},
  pages =         {19--19},
  publisher =     {Presses Universitaires de France},
  title =         {Principia Mathematica},
  volume =        {19},
  year =          {1911},
}

@incollection{martinlof73predicative,
  author =        {Per Martin-L{\"o}f},
  booktitle =     {Logic Colloquium '73, Proceedings of the Logic
                   Colloquium},
  editor =        {H.E. Rose and J.C. Shepherdson},
  pages =         {73--118},
  publisher =     {North-Holland},
  series =        {Studies in Logic and the Foundations of Mathematics},
  title =         {An intuitionistic theory of types: predicative part},
  volume =        {80},
  year =          {1975},
}

@article{harperpollack,
  author =        {Robert Harper and Robert Pollack},
  journal =       {Theor. Comput. Sci.},
  number =        {1},
  pages =         {107--136},
  title =         {Type Checking with Universes},
  volume =        {89},
  year =          {1991},
  biburl =        {https://dblp.org/rec/journals/tcs/HarperP91.bib},
  bibsource =     {dblp computer science bibliography, https://dblp.org},
  doi =           {10.1016/0304-3975(90)90108-T},
  timestamp =     {Wed, 17 Feb 2021 22:01:21 +0100},
  url =           {https://doi.org/10.1016/0304-3975(90)90108-T},
}

@article{positiveir,
  author =        {Neil Ghani and Lorenzo Malatesta and
                   Fredrik Nordvall Forsberg},
  journal =       {Log. Methods Comput. Sci.},
  number =        {1},
  title =         {Positive Inductive-Recursive Definitions},
  volume =        {11},
  year =          {2015},
  biburl =        {https://dblp.org/rec/journals/corr/GhaniMF15.bib},
  bibsource =     {dblp computer science bibliography, https://dblp.org},
  doi =           {10.2168/LMCS-11(1:13)2015},
  timestamp =     {Thu, 25 Jun 2020 21:28:57 +0200},
  url =           {https://doi.org/10.2168/LMCS-11(1:13)2015},
}

@article{sprop,
  author =        {Ga{\"{e}}tan Gilbert and Jesper Cockx and
                   Matthieu Sozeau and Nicolas Tabareau},
  journal =       {Proc. {ACM} Program. Lang.},
  number =        {{POPL}},
  pages =         {3:1--3:28},
  title =         {Definitional proof-irrelevance without {K}},
  volume =        {3},
  year =          {2019},
  biburl =        {https://dblp.org/rec/journals/pacmpl/GilbertCST19.bib},
  bibsource =     {dblp computer science bibliography, https://dblp.org},
  doi =           {10.1145/3290316},
  timestamp =     {Wed, 17 Feb 2021 08:54:00 +0100},
  url =           {https://doi.org/10.1145/3290316},
}

@misc{leanmanual,
  author =        {Lean developers},
  title =         {Lean Reference Manual, Version 3.3},
  year =          {2021},
  url =           {https://leanprover.github.io/reference/lean_reference.pdf},
}

@misc{idrisdocs,
  author =        {The Idris Community},
  title =         {Documentation for the Idris Language},
  year =          {2021},
  url =           {http://docs.idris-lang.org/en/latest/index.html},
}

@inproceedings{gratzer20multimodal,
  author =        {Daniel Gratzer and G. A. Kavvos and Andreas Nuyts and
                   Lars Birkedal},
  booktitle =     {{LICS} '20: 35th Annual {ACM/IEEE} Symposium on Logic
                   in Computer Science, Saarbr{\"{u}}cken, Germany, July
                   8-11, 2020},
  editor =        {Holger Hermanns and Lijun Zhang and Naoki Kobayashi and
                   Dale Miller},
  pages =         {492--506},
  publisher =     {{ACM}},
  title =         {Multimodal Dependent Type Theory},
  year =          {2020},
  biburl =        {https://dblp.org/rec/conf/lics/GratzerKNB20.bib},
  bibsource =     {dblp computer science bibliography, https://dblp.org},
  doi =           {10.1145/3373718.3394736},
  timestamp =     {Sat, 05 Sep 2020 17:56:15 +0200},
  url =           {https://doi.org/10.1145/3373718.3394736},
}
